%% This BibTeX bibliography file was created using BibDesk.
%% http://bibdesk.sourceforge.net/


%% Created for François THORAL at 2018-02-19 6:46:47 PM +0100 


%% Saved with string encoding Unicode (UTF-8) 

@article{pinkerton2014remote,
  title={Remote sensing of suspended solids in Lyttelton Harbour/Whakaraup{\=o} water using satellite images},
  author={Pinkerton, Matt and Gall, Mark and Wood, Simon},
  journal={Environment Canterbury Technical Report},
  volume={14},
  year={2014}
}

@article{blain2019seasonal,
  title={Seasonal and spatial variation in photosynthetic response of the kelp Ecklonia radiata across a turbidity gradient},
  author={Blain, Caitlin O and Shears, Nick T},
  journal={Photosynthesis research},
  volume={140},
  number={1},
  pages={21--38},
  year={2019},
  publisher={Springer}
}

@article{blain2019morphology,
  title={Morphology and photosynthetic response of the kelp Ecklonia radiata across a turbidity gradient},
  author={Blain, Caitlin O and Rees, T Alwyn V and Christine Hansen, S and Shears, Nick T},
  journal={Limnology and Oceanography},
  year={2019},
  publisher={Wiley Online Library}
}

@article{lenton2017observed,
  title={Observed trends in the magnitude and persistence of monthly temperature variability},
  author={Lenton, Timothy M and Dakos, Vasilis and Bathiany, Sebastian and Scheffer, Marten},
  journal={Scientific reports},
  volume={7},
  number={1},
  pages={1--10},
  year={2017},
  publisher={Nature Publishing Group}
}

@article{lindenmayer2010science,
  title={The science and application of ecological monitoring},
  author={Lindenmayer, David B and Likens, Gene E},
  journal={Biological conservation},
  volume={143},
  number={6},
  pages={1317--1328},
  year={2010},
  publisher={Elsevier}
}

@article{costanza1997value,
  title={The value of the world's ecosystem services and natural capital},
  author={Costanza, Robert and d'Arge, Ralph and De Groot, Rudolf and Farber, Stephen and Grasso, Monica and Hannon, Bruce and Limburg, Karin and Naeem, Shahid and O'neill, Robert V and Paruelo, Jose and others},
  journal={nature},
  volume={387},
  number={6630},
  pages={253},
  year={1997},
  publisher={Nature publishing group}
}

@article{de2012global,
  title={Global estimates of the value of ecosystems and their services in monetary units},
  author={De Groot, Rudolf and Brander, Luke and Van Der Ploeg, Sander and Costanza, Robert and Bernard, Florence and Braat, Leon and Christie, Mike and Crossman, Neville and Ghermandi, Andrea and Hein, Lars and others},
  journal={Ecosystem services},
  volume={1},
  number={1},
  pages={50--61},
  year={2012},
  publisher={Elsevier}
}

@article{balmford2002economic,
  title={Economic reasons for conserving wild nature},
  author={Balmford, Andrew and Bruner, Aaron and Cooper, Philip and Costanza, Robert and Farber, Stephen and Green, Rhys E and Jenkins, Martin and Jefferiss, Paul and Jessamy, Valma and Madden, Joah and others},
  journal={science},
  volume={297},
  number={5583},
  pages={950--953},
  year={2002},
  publisher={American Association for the Advancement of Science}
}

@article{deyle2016tracking,
  title={Tracking and forecasting ecosystem interactions in real time},
  author={Deyle, Ethan R and May, Robert M and Munch, Stephan B and Sugihara, George},
  journal={Proceedings of the Royal Society B: Biological Sciences},
  volume={283},
  number={1822},
  pages={20152258},
  year={2016},
  publisher={The Royal Society}
}

@article{scheffer2004mechanisms,
  title={Mechanisms for marine regime shifts: can we use lakes as microcosms for oceans?},
  author={Scheffer, Marten and van Nes, Egbert H},
  journal={Progress in Oceanography},
  volume={60},
  number={2-4},
  pages={303--319},
  year={2004},
  publisher={Elsevier}
}

@phdthesis{desmond2017kelp,
  title={Kelp-forest response to light limitation},
  author={Desmond, Matthew},
  year={2017},
  school={University of Otago}
}

@article{desmond2019superior,
  title={Superior photosynthetic performance of the invasive kelp Undaria pinnatifida may contribute to continued range expansion in a wave-exposed kelp forest community},
  author={Desmond, MJ and Pritchard, DW and Hurd, CL and Richards, DK and Schweikert, K and Wing, S and Hepburn, CD},
  journal={Marine Biology},
  volume={166},
  number={11},
  pages={139},
  year={2019},
  publisher={Springer}
}

@article{filbee2014sea,
  title={Sea urchin barrens as alternative stable states of collapsed kelp ecosystems},
  author={Filbee-Dexter, Karen and Scheibling, Robert E},
  journal={Marine ecology progress series},
  volume={495},
  pages={1--25},
  year={2014}
}

@article{filbee2018rise,
  title={Rise of turfs: A new battlefront for globally declining kelp forests},
  author={Filbee-Dexter, Karen and Wernberg, Thomas},
  journal={BioScience},
  volume={68},
  number={2},
  pages={64--76},
  year={2018},
  publisher={Oxford University Press}
}

@article{van2017vegetation,
  title={Vegetation recovery in tidal marshes reveals critical slowing down under increased inundation},
  author={Van Belzen, Jim and Van de Koppel, Johan and Kirwan, Matthew L and Van Der Wal, Daphne and Herman, Peter MJ and Dakos, Vasilis and K{\'e}fi, Sonia and Scheffer, Marten and Guntenspergen, Glenn R and Bouma, Tjeerd J},
  journal={Nature communications},
  volume={8},
  pages={15811},
  year={2017},
  publisher={Nature Publishing Group}
}

@article{scheffer2001catastrophic,
  title={Catastrophic shifts in ecosystems},
  author={Scheffer, Marten and Carpenter, Steve and Foley, Jonathan A and Folke, Carl and Walker, Brian},
  journal={Nature},
  volume={413},
  number={6856},
  pages={591},
  year={2001},
  publisher={Nature Publishing Group}
}

@article{dakos2015resilience,
  title={Resilience indicators: prospects and limitations for early warnings of regime shifts},
  author={Dakos, Vasilis and Carpenter, Stephen R and van Nes, Egbert H and Scheffer, Marten},
  journal={Philosophical Transactions of the Royal Society B: Biological Sciences},
  volume={370},
  number={1659},
  pages={20130263},
  year={2015},
  publisher={The Royal Society}
}

@article{krumhansl2016global,
  title={Global patterns of kelp forest change over the past half-century},
  author={Krumhansl, Kira A and Okamoto, Daniel K and Rassweiler, Andrew and Novak, Mark and Bolton, John J and Cavanaugh, Kyle C and Connell, Sean D and Johnson, Craig R and Konar, Brenda and Ling, Scott D and others},
  journal={Proceedings of the National Academy of Sciences},
  volume={113},
  number={48},
  pages={13785--13790},
  year={2016},
  publisher={National Acad Sciences}
}

@article{scheffer2012anticipating,
  title={Anticipating critical transitions},
  author={Scheffer, Marten and Carpenter, Stephen R and Lenton, Timothy M and Bascompte, Jordi and Brock, William and Dakos, Vasilis and Van de Koppel, Johan and Van de Leemput, Ingrid A and Levin, Simon A and Van Nes, Egbert H and others},
  journal={science},
  volume={338},
  number={6105},
  pages={344--348},
  year={2012},
  publisher={American Association for the Advancement of Science}
}

@article{scheffer2009early,
  title={Early-warning signals for critical transitions},
  author={Scheffer, Marten and Bascompte, Jordi and Brock, William A and Brovkin, Victor and Carpenter, Stephen R and Dakos, Vasilis and Held, Hermann and Van Nes, Egbert H and Rietkerk, Max and Sugihara, George},
  journal={Nature},
  volume={461},
  number={7260},
  pages={53},
  year={2009},
  publisher={Nature Publishing Group}
}

@article{abraham2003unsupervised,
  title={Unsupervised curve clustering using B-splines},
  author={Abraham, Christophe and Cornillon, Pierre-Andr{\'e} and Matzner-L{\o}ber, ERIC and Molinari, Nicolas},
  journal={Scandinavian journal of statistics},
  volume={30},
  number={3},
  pages={581--595},
  year={2003},
  publisher={Wiley Online Library}
}

@article{seers2015spatio,
  title={Spatio-temporal patterns in coastal turbidity--long-term trends and drivers of variation across an estuarine-open coast gradient},
  author={Seers, Blake M and Shears, Nick T},
  journal={Estuarine, Coastal and Shelf Science},
  volume={154},
  pages={137--151},
  year={2015},
  publisher={Elsevier}
}

@article{roberts2018tidal,
  title={Tidal modulation of seabed light and its implications for benthic algae},
  author={Roberts, Emyr Martyn and Bowers, David George and Davies, Andrew John},
  journal={Limnology and Oceanography},
  volume={63},
  number={1},
  pages={91--106},
  year={2018},
  publisher={Wiley Online Library}
}

@article{ripple2019world,
  title={World Scientists’ Warning of a Climate Emergency},
  author={Ripple, William J and Wolf, Christopher and Newsome, Thomas M and Barnard, Phoebe and Moomaw, William R},
  journal={BioScience},
  year={2019}
}

@article{thrush2009forecasting,
  title={Forecasting the limits of resilience: integrating empirical research with theory},
  author={Thrush, Simon F and Hewitt, Judi E and Dayton, Paul K and Coco, Giovanni and Lohrer, Andrew M and Norkko, Alf and Norkko, Joanna and Chiantore, Mariachiara},
  journal={Proceedings of the Royal Society B: Biological Sciences},
  volume={276},
  number={1671},
  pages={3209--3217},
  year={2009},
  publisher={The Royal Society}
}

@article{jacques2014functional,
  title={Functional data clustering: a survey},
  author={Jacques, Julien and Preda, Cristian},
  journal={Advances in Data Analysis and Classification},
  volume={8},
  number={3},
  pages={231--255},
  year={2014},
  publisher={Springer}
}

@article{verbesselt2010detecting,
  title={Detecting trend and seasonal changes in satellite image time series},
  author={Verbesselt, Jan and Hyndman, Rob and Newnham, Glenn and Culvenor, Darius},
  journal={Remote sensing of Environment},
  volume={114},
  number={1},
  pages={106--115},
  year={2010},
  publisher={Elsevier}
}

@article{magno2019model,
  title={Model for deriving benthic irradiance in the Great Barrier Reef from MODIS satellite imagery},
  author={Magno-Canto, Marites M and McKinna, Lachlan IW and Robson, Barbara J and Fabricius, Katharina E},
  journal={Optics Express},
  volume={27},
  number={20},
  pages={A1350--A1371},
  year={2019},
  publisher={Optical Society of America}
}

@article{tait2019giant,
  title={Giant kelp forests at critical light thresholds show compromised ecological resilience to environmental and biological drivers},
  author={Tait, Leigh W},
  journal={Estuarine, Coastal and Shelf Science},
  volume={219},
  pages={231--241},
  year={2019},
  publisher={Elsevier}
}

@article{cleveland1990stl,
  title={STL: a seasonal-trend decomposition},
  author={Cleveland, Robert B and Cleveland, William S and McRae, Jean E and Terpenning, Irma},
  journal={Journal of official statistics},
  volume={6},
  number={1},
  pages={3--73},
  year={1990}
}

@book{qian2016environmental,
  title={Environmental and ecological statistics with R},
  author={Qian, Song S},
  year={2016},
  publisher={Chapman and Hall/CRC}
}

@article{sun2007solar,
  title={A solar radiation model with a Fourier transform approach},
  author={Sun, Y and Kok, Robert},
  journal={Canadian Biosystems Engineering},
  volume={49},
  pages={7},
  year={2007},
  publisher={NOT KNOWN}
}

@article{white1997response,
  title={Response of global upper ocean temperature to changing solar irradiance},
  author={White, Warren B and Lean, Judith and Cayan, Daniel R and Dettinger, Michael D},
  journal={Journal of Geophysical Research: Oceans},
  volume={102},
  number={C2},
  pages={3255--3266},
  year={1997},
  publisher={Wiley Online Library}
}

@article{desmond2015light,
  title={Light limitation within southern New Zealand kelp forest communities},
  author={Desmond, Matthew J and Pritchard, Daniel W and Hepburn, Christopher D},
  journal={PLoS One},
  volume={10},
  number={4},
  pages={e0123676},
  year={2015},
  publisher={Public Library of Science}
}

@article{rockstrom2009safe,
  title={A safe operating space for humanity},
  author={Rockstr{\"o}m, Johan and Steffen, Will and Noone, Kevin and Persson, {\AA}sa and Chapin III, F Stuart and Lambin, Eric F and Lenton, Timothy M and Scheffer, Marten and Folke, Carl and Schellnhuber, Hans Joachim and others},
  journal={nature},
  volume={461},
  number={7263},
  pages={472},
  year={2009},
  publisher={Nature Publishing Group}
}

@article{macdiarmid2013new,
  title={New Zealand marine ecosystem services},
  author={MacDiarmid, Alison B and Law, Cliff S and Pinkerton, Matt and Zeldis, John},
  journal={Ecosystem services in New Zealand--Conditions and trends},
  pages={238--253},
  year={2013}
}

@article{wernberg2005effect,
  title={The effect of wave exposure on the morphology of Ecklonia radiata},
  author={Wernberg, Thomas and Thomsen, Mads S},
  journal={Aquatic Botany},
  volume={83},
  number={1},
  pages={61--70},
  year={2005},
  publisher={Elsevier}
}

@article{wernberg2010decreasing,
  title={Decreasing resilience of kelp beds along a latitudinal temperature gradient: potential implications for a warmer future},
  author={Wernberg, Thomas and Thomsen, Mads S and Tuya, Fernando and Kendrick, Gary A and Staehr, Peter A and Toohey, Benjamin D},
  journal={Ecology letters},
  volume={13},
  number={6},
  pages={685--694},
  year={2010},
  publisher={Wiley Online Library}
}

@article{runcie2008situ,
  title={In situ photosynthetic rates of tropical marine macroalgae at their lower depth limit},
  author={Runcie, John W and Gurgel, Carlos FD and Mcdermid, Karla J},
  journal={European Journal of Phycology},
  volume={43},
  number={4},
  pages={377--388},
  year={2008},
  publisher={Taylor \& Francis}
}

@article{graham2007deep,
  title={Deep-water kelp refugia as potential hotspots of tropical marine diversity and productivity},
  author={Graham, Michael H and Kinlan, Brian P and Druehl, Louis D and Garske, Lauren E and Banks, Stuart},
  journal={Proceedings of the National Academy of Sciences},
  volume={104},
  number={42},
  pages={16576--16580},
  year={2007},
  publisher={National Acad Sciences}
}

@article{nelson2015beyond,
  title={Beyond diving depths: deepwater macroalgae in the New Zealand region},
  author={Nelson, Wendy and Neill, Kate and D’Archino, Roberta and Anderson, Tara and Beaumont, Jenny and Dalen, Jenn},
  journal={Marine Biodiversity},
  volume={45},
  number={4},
  pages={797--818},
  year={2015},
  publisher={Springer}
}

@article{thomsen2019local,
  title={Local extinction of bull kelp (Durvillaea spp.) due to a marine heatwave},
  author={Thomsen, Mads Solgaard and Mondardini, Luca and Alestra, Tommaso and Gerrity, Shawn and Tait, Leigh and South, Paul and Lilley, Stacie and Schiel, David},
  journal={Frontiers in Marine Science},
  volume={6},
  pages={84},
  year={2019},
  publisher={Frontiers}
}

@article{leleu2012mapping,
  title={Mapping habitats in a marine reserve showed how a 30-year trophic cascade altered ecosystem structure},
  author={Leleu, K{\'e}vin and Remy-Zephir, Brice and Grace, Roger and Costello, Mark J},
  journal={Biological Conservation},
  volume={155},
  pages={193--201},
  year={2012},
  publisher={Elsevier}
}

@article{sala1998fishing,
  title={Fishing, trophic cascades, and the structure of algal assemblages: evaluation of an old but untested paradigm},
  author={Sala, E and Boudouresque, CF and Harmelin-Vivien, M},
  journal={Oikos},
  pages={425--439},
  year={1998},
  publisher={JSTOR}
}

@article{van2017timing,
  title={Timing recovery of ecosystems in sequential remotely sensed and simulated data},
  author={Van Belzen, Jim and Van de Koppel, Johan and Van Der Wal, Daphne and Herman, Peter MJ and Dakos, Vasilis and K{\'e}fi, Sonia and Scheffer, Marten and Bouma, Tjeerd J},
  journal={Protocol Exchange},
  year={2017}
}

@article{schiel2019kaikoura,
  title={The Kaik{\=o}ura earthquake in southern New Zealand: Loss of connectivity of marine communities and the necessity of a cross-ecosystem perspective},
  author={Schiel, David R and Alestra, Tommaso and Gerrity, Shawn and Orchard, Shane and Dunmore, Robyn and Pirker, John and Lilley, Stacie and Tait, Leigh and Hickford, Michael and Thomsen, Mads},
  journal={Aquatic Conservation: Marine and Freshwater Ecosystems},
  year={2019},
  publisher={Wiley Online Library}
}
@article{wernberg2016,
  title={Climate-driven regime shift of a temperate marine ecosystem},
  author={Wernberg, Thomas and Bennett, Scott and Babcock, Russell C and De Bettignies, Thibaut and Cure, Katherine and Depczynski, Martial and Dufois, Francois and Fromont, Jane and Fulton, Christopher J and Hovey, Renae K and others},
  journal={Science},
  volume={353},
  number={6295},
  pages={169--172},
  year={2016},
  publisher={American Association for the Advancement of Science}
}

@article{murray2018,
  title={The role of satellite remote sensing in structured ecosystem risk assessments},
  author={Murray, Nicholas J and Keith, David A and Bland, Lucie M and Ferrari, Renata and Lyons, Mitchell B and Lucas, Richard and Pettorelli, Nathalie and Nicholson, Emily},
  journal={Science of the Total Environment},
  volume={619},
  pages={249--257},
  year={2018},
  publisher={Elsevier}
}


@book{kirk1994,
  title={Light and photosynthesis in aquatic ecosystems},
  author={Kirk, John TO},
  year={1994},
  publisher={Cambridge university press}
}
@article{preisendorfer1961,
  title={Application of radiative transfer theory to light measurements in the sea},
  author={Preisendorfer, Rudolph W},
  journal={Union Geod. Geophys. Inst. Monogr.},
  volume={10},
  pages={11--30},
  year={1961}
}

@article{wang2007,
  title={The NIR-SWIR combined atmospheric correction approach for MODIS ocean color data processing},
  author={Wang, Menghua and Shi, Wei},
  journal={Optics Express},
  volume={15},
  number={24},
  pages={15722--15733},
  year={2007},
  publisher={Optical Society of America}
}